{
    "symbol": "NVDA",
    "annualReports": [
        {
            "fiscalDateEnding": "2024-01-28",
            "reportedCurrency": "USD",
            "grossProfit": "44301000000",
            "totalRevenue": "60922000000",
            "costOfRevenue": "16621000000",
            "costofGoodsAndServicesSold": "774000000",
            "operatingIncome": "32972000000",
            "sellingGeneralAndAdministrative": "2654000000",
            "researchAndDevelopment": "8675000000",
            "operatingExpenses": "11329000000",
            "investmentIncomeNet": "866000000",
            "netInterestIncome": "-257000000",
            "interestIncome": "866000000",
            "interestExpense": "257000000",
            "nonInterestIncome": "None",
            "otherNonOperatingIncome": "237000000",
            "depreciation": "894000000",
            "depreciationAndAmortization": "614000000",
            "incomeBeforeTax": "33818000000",
            "incomeTaxExpense": "4058000000",
            "interestAndDebtExpense": "257000000",
            "netIncomeFromContinuingOperations": "29760000000",
            "comprehensiveIncomeNetOfTax": "29830000000",
            "ebit": "34075000000",
            "ebitda": "34689000000",
            "netIncome": "29760000000"
        },
        {
            "fiscalDateEnding": "2023-01-29",
            "reportedCurrency": "USD",
            "grossProfit": "15356000000",
            "totalRevenue": "26974000000",
            "costOfRevenue": "11618000000",
            "costofGoodsAndServicesSold": "1040000000",
            "operatingIncome": "4224000000",
            "sellingGeneralAndAdministrative": "2440000000",
            "researchAndDevelopment": "7339000000",
            "operatingExpenses": "11132000000",
            "investmentIncomeNet": "267000000",
            "netInterestIncome": "-262000000",
            "interestIncome": "267000000",
            "interestExpense": "262000000",
            "nonInterestIncome": "None",
            "otherNonOperatingIncome": "-48000000",
            "depreciation": "844000000",
            "depreciationAndAmortization": "699000000",
            "incomeBeforeTax": "4181000000",
            "incomeTaxExpense": "-187000000",
            "interestAndDebtExpense": "262000000",
            "netIncomeFromContinuingOperations": "4368000000",
            "comprehensiveIncomeNetOfTax": "4336000000",
            "ebit": "4443000000",
            "ebitda": "5142000000",
            "netIncome": "4368000000"
        },
        {
            "fiscalDateEnding": "2022-01-30",
            "reportedCurrency": "USD",
            "grossProfit": "17475000000",
            "totalRevenue": "26914000000",
            "costOfRevenue": "9439000000",
            "costofGoodsAndServicesSold": "173000000",
            "operatingIncome": "10041000000",
            "sellingGeneralAndAdministrative": "2166000000",
            "researchAndDevelopment": "5268000000",
            "operatingExpenses": "7434000000",
            "investmentIncomeNet": "29000000",
            "netInterestIncome": "-236000000",
            "interestIncome": "29000000",
            "interestExpense": "236000000",
            "nonInterestIncome": "26914000000",
            "otherNonOperatingIncome": "107000000",
            "depreciation": "611000000",
            "depreciationAndAmortization": "563000000",
            "incomeBeforeTax": "9941000000",
            "incomeTaxExpense": "189000000",
            "interestAndDebtExpense": "236000000",
            "netIncomeFromContinuingOperations": "9752000000",
            "comprehensiveIncomeNetOfTax": "9722000000",
            "ebit": "10177000000",
            "ebitda": "10740000000",
            "netIncome": "9752000000"
        },
        {
            "fiscalDateEnding": "2021-01-31",
            "reportedCurrency": "USD",
            "grossProfit": "10396000000",
            "totalRevenue": "16675000000",
            "costOfRevenue": "6279000000",
            "costofGoodsAndServicesSold": "6279000000",
            "operatingIncome": "4532000000",
            "sellingGeneralAndAdministrative": "1940000000",
            "researchAndDevelopment": "3924000000",
            "operatingExpenses": "5864000000",
            "investmentIncomeNet": "57000000",
            "netInterestIncome": "-184000000",
            "interestIncome": "57000000",
            "interestExpense": "184000000",
            "nonInterestIncome": "16675000000",
            "otherNonOperatingIncome": "4000000",
            "depreciation": "486000000",
            "depreciationAndAmortization": "1098000000",
            "incomeBeforeTax": "4409000000",
            "incomeTaxExpense": "77000000",
            "interestAndDebtExpense": "184000000",
            "netIncomeFromContinuingOperations": "4332000000",
            "comprehensiveIncomeNetOfTax": "4350000000",
            "ebit": "4593000000",
            "ebitda": "5691000000",
            "netIncome": "4332000000"
        },
        {
            "fiscalDateEnding": "2020-01-26",
            "reportedCurrency": "USD",
            "grossProfit": "6768000000",
            "totalRevenue": "10918000000",
            "costOfRevenue": "4150000000",
            "costofGoodsAndServicesSold": "4150000000",
            "operatingIncome": "2846000000",
            "sellingGeneralAndAdministrative": "1093000000",
            "researchAndDevelopment": "2829000000",
            "operatingExpenses": "3922000000",
            "investmentIncomeNet": "178000000",
            "netInterestIncome": "-52000000",
            "interestIncome": "178000000",
            "interestExpense": "52000000",
            "nonInterestIncome": "10918000000",
            "otherNonOperatingIncome": "-2000000",
            "depreciation": "355000000",
            "depreciationAndAmortization": "381000000",
            "incomeBeforeTax": "2970000000",
            "incomeTaxExpense": "174000000",
            "interestAndDebtExpense": "52000000",
            "netIncomeFromContinuingOperations": "2796000000",
            "comprehensiveIncomeNetOfTax": "2809000000",
            "ebit": "3022000000",
            "ebitda": "3403000000",
            "netIncome": "2796000000"
        },
        {
            "fiscalDateEnding": "2019-01-27",
            "reportedCurrency": "USD",
            "grossProfit": "7171000000",
            "totalRevenue": "11658000000",
            "costOfRevenue": "5798000000",
            "costofGoodsAndServicesSold": "4545000000",
            "operatingIncome": "3804000000",
            "sellingGeneralAndAdministrative": "991000000",
            "researchAndDevelopment": "2376000000",
            "operatingExpenses": "3367000000",
            "investmentIncomeNet": "136000000",
            "netInterestIncome": "-58000000",
            "interestIncome": "136000000",
            "interestExpense": "58000000",
            "nonInterestIncome": "11716000000",
            "otherNonOperatingIncome": "14000000",
            "depreciation": "233000000",
            "depreciationAndAmortization": "262000000",
            "incomeBeforeTax": "3896000000",
            "incomeTaxExpense": "-245000000",
            "interestAndDebtExpense": "58000000",
            "netIncomeFromContinuingOperations": "4141000000",
            "comprehensiveIncomeNetOfTax": "4147000000",
            "ebit": "3954000000",
            "ebitda": "4216000000",
            "netIncome": "4141000000"
        },
        {
            "fiscalDateEnding": "2018-01-28",
            "reportedCurrency": "USD",
            "grossProfit": "5822000000",
            "totalRevenue": "9714000000",
            "costOfRevenue": "3892000000",
            "costofGoodsAndServicesSold": "3892000000",
            "operatingIncome": "3210000000",
            "sellingGeneralAndAdministrative": "815000000",
            "researchAndDevelopment": "1797000000",
            "operatingExpenses": "2612000000",
            "investmentIncomeNet": "69000000",
            "netInterestIncome": "-61000000",
            "interestIncome": "69000000",
            "interestExpense": "61000000",
            "nonInterestIncome": "-19000000",
            "otherNonOperatingIncome": "-22000000",
            "depreciation": "144000000",
            "depreciationAndAmortization": "199000000",
            "incomeBeforeTax": "3196000000",
            "incomeTaxExpense": "149000000",
            "interestAndDebtExpense": "80000000",
            "netIncomeFromContinuingOperations": "3047000000",
            "comprehensiveIncomeNetOfTax": "3045000000",
            "ebit": "3257000000",
            "ebitda": "3456000000",
            "netIncome": "3047000000"
        },
        {
            "fiscalDateEnding": "2017-01-29",
            "reportedCurrency": "USD",
            "grossProfit": "4063000000",
            "totalRevenue": "6910000000",
            "costOfRevenue": "2847000000",
            "costofGoodsAndServicesSold": "2847000000",
            "operatingIncome": "1934000000",
            "sellingGeneralAndAdministrative": "663000000",
            "researchAndDevelopment": "1463000000",
            "operatingExpenses": "2129000000",
            "investmentIncomeNet": "54000000",
            "netInterestIncome": "-58000000",
            "interestIncome": "54000000",
            "interestExpense": "58000000",
            "nonInterestIncome": "-16000000",
            "otherNonOperatingIncome": "-25000000",
            "depreciation": "118000000",
            "depreciationAndAmortization": "187000000",
            "incomeBeforeTax": "1905000000",
            "incomeTaxExpense": "239000000",
            "interestAndDebtExpense": "79000000",
            "netIncomeFromContinuingOperations": "1666000000",
            "comprehensiveIncomeNetOfTax": "1654000000",
            "ebit": "1963000000",
            "ebitda": "2150000000",
            "netIncome": "1666000000"
        },
        {
            "fiscalDateEnding": "2016-01-31",
            "reportedCurrency": "USD",
            "grossProfit": "2811000000",
            "totalRevenue": "5010000000",
            "costOfRevenue": "2199000000",
            "costofGoodsAndServicesSold": "2199000000",
            "operatingIncome": "747000000",
            "sellingGeneralAndAdministrative": "602000000",
            "researchAndDevelopment": "1331000000",
            "operatingExpenses": "2064000000",
            "investmentIncomeNet": "39000000",
            "netInterestIncome": "-47000000",
            "interestIncome": "8000000",
            "interestExpense": "47000000",
            "nonInterestIncome": "0",
            "otherNonOperatingIncome": "4000000",
            "depreciation": "124000000",
            "depreciationAndAmortization": "197000000",
            "incomeBeforeTax": "743000000",
            "incomeTaxExpense": "129000000",
            "interestAndDebtExpense": "47000000",
            "netIncomeFromContinuingOperations": "614000000",
            "comprehensiveIncomeNetOfTax": "602000000",
            "ebit": "790000000",
            "ebitda": "987000000",
            "netIncome": "614000000"
        },
        {
            "fiscalDateEnding": "2015-01-25",
            "reportedCurrency": "USD",
            "grossProfit": "2599000000",
            "totalRevenue": "4682000000",
            "costOfRevenue": "2083000000",
            "costofGoodsAndServicesSold": "2082030000",
            "operatingIncome": "759000000",
            "sellingGeneralAndAdministrative": "480000000",
            "researchAndDevelopment": "1360000000",
            "operatingExpenses": "1840000000",
            "investmentIncomeNet": "28090000",
            "netInterestIncome": "-46133000",
            "interestIncome": "-133000",
            "interestExpense": "46000000",
            "nonInterestIncome": "500000",
            "otherNonOperatingIncome": "14000000",
            "depreciation": "143000000",
            "depreciationAndAmortization": "220000000",
            "incomeBeforeTax": "755000000",
            "incomeTaxExpense": "124000000",
            "interestAndDebtExpense": "46133000",
            "netIncomeFromContinuingOperations": "630587000",
            "comprehensiveIncomeNetOfTax": "634000000",
            "ebit": "801000000",
            "ebitda": "1021000000",
            "netIncome": "631000000"
        },
        {
            "fiscalDateEnding": "2014-01-26",
            "reportedCurrency": "USD",
            "grossProfit": "2268000000",
            "totalRevenue": "4130000000",
            "costOfRevenue": "1862000000",
            "costofGoodsAndServicesSold": "1862399000",
            "operatingIncome": "496000000",
            "sellingGeneralAndAdministrative": "436000000",
            "researchAndDevelopment": "1336000000",
            "operatingExpenses": "1772000000",
            "investmentIncomeNet": "17119000",
            "netInterestIncome": "-10443000",
            "interestIncome": "-443000",
            "interestExpense": "10000000",
            "nonInterestIncome": "4700000",
            "otherNonOperatingIncome": "7000000",
            "depreciation": "164000000",
            "depreciationAndAmortization": "239000000",
            "incomeBeforeTax": "510000000",
            "incomeTaxExpense": "70000000",
            "interestAndDebtExpense": "10443000",
            "netIncomeFromContinuingOperations": "439990000",
            "comprehensiveIncomeNetOfTax": "435000000",
            "ebit": "520000000",
            "ebitda": "759000000",
            "netIncome": "440000000"
        },
        {
            "fiscalDateEnding": "2013-01-27",
            "reportedCurrency": "USD",
            "grossProfit": "2226343000",
            "totalRevenue": "4280159000",
            "costOfRevenue": "2053816000",
            "costofGoodsAndServicesSold": "20000000",
            "operatingIncome": "648239000",
            "sellingGeneralAndAdministrative": "430822000",
            "researchAndDevelopment": "1147282000",
            "operatingExpenses": "1578104000",
            "investmentIncomeNet": "19908000",
            "netInterestIncome": "-3294000",
            "interestIncome": "None",
            "interestExpense": "3294000",
            "nonInterestIncome": "-1500000",
            "otherNonOperatingIncome": "-2814000",
            "depreciation": "157600000",
            "depreciationAndAmortization": "226235000",
            "incomeBeforeTax": "662039000",
            "incomeTaxExpense": "99503000",
            "interestAndDebtExpense": "3294000",
            "netIncomeFromContinuingOperations": "562536000",
            "comprehensiveIncomeNetOfTax": "561903000",
            "ebit": "665333000",
            "ebitda": "891568000",
            "netIncome": "562536000"
        },
        {
            "fiscalDateEnding": "2012-01-29",
            "reportedCurrency": "USD",
            "grossProfit": "2056517000",
            "totalRevenue": "3997930000",
            "costOfRevenue": "1941413000",
            "costofGoodsAndServicesSold": "16700000",
            "operatingIncome": "648299000",
            "sellingGeneralAndAdministrative": "405613000",
            "researchAndDevelopment": "1002605000",
            "operatingExpenses": "1408218000",
            "investmentIncomeNet": "19149000",
            "netInterestIncome": "-3089000",
            "interestIncome": "None",
            "interestExpense": "3089000",
            "nonInterestIncome": "None",
            "otherNonOperatingIncome": "-963000",
            "depreciation": "145200000",
            "depreciationAndAmortization": "204205000",
            "incomeBeforeTax": "663396000",
            "incomeTaxExpense": "82306000",
            "interestAndDebtExpense": "3089000",
            "netIncomeFromContinuingOperations": "581090000",
            "comprehensiveIncomeNetOfTax": "581432000",
            "ebit": "666485000",
            "ebitda": "870690000",
            "netIncome": "581090000"
        },
        {
            "fiscalDateEnding": "2011-01-30",
            "reportedCurrency": "USD",
            "grossProfit": "1409090000",
            "totalRevenue": "3543309000",
            "costOfRevenue": "2134219000",
            "costofGoodsAndServicesSold": "2134219000",
            "operatingIncome": "255747000",
            "sellingGeneralAndAdministrative": "361513000",
            "researchAndDevelopment": "848830000",
            "operatingExpenses": "1153343000",
            "investmentIncomeNet": "19057000",
            "netInterestIncome": "-3127000",
            "interestIncome": "None",
            "interestExpense": "3127000",
            "nonInterestIncome": "None",
            "otherNonOperatingIncome": "-508000",
            "depreciation": "157000000",
            "depreciationAndAmortization": "186989000",
            "incomeBeforeTax": "271169000",
            "incomeTaxExpense": "18023000",
            "interestAndDebtExpense": "3127000",
            "netIncomeFromContinuingOperations": "253146000",
            "comprehensiveIncomeNetOfTax": "251246000",
            "ebit": "274296000",
            "ebitda": "461285000",
            "netIncome": "253146000"
        }
    ],
    "quarterlyReports": [
        {
            "fiscalDateEnding": "2024-10-27",
            "reportedCurrency": "USD",
            "grossProfit": "26156000000",
            "totalRevenue": "35082000000",
            "costOfRevenue": "8926000000",
            "costofGoodsAndServicesSold": "322000000",
            "operatingIncome": "21869000000",
            "sellingGeneralAndAdministrative": "897000000",
            "researchAndDevelopment": "3390000000",
            "operatingExpenses": "4287000000",
            "investmentIncomeNet": "472000000",
            "netInterestIncome": "411000000",
            "interestIncome": "472000000",
            "interestExpense": "61000000",
            "nonInterestIncome": "None",
            "otherNonOperatingIncome": "36000000",
            "depreciation": "None",
            "depreciationAndAmortization": "149000000",
            "incomeBeforeTax": "22316000000",
            "incomeTaxExpense": "3007000000",
            "interestAndDebtExpense": "61000000",
            "netIncomeFromContinuingOperations": "19309000000",
            "comprehensiveIncomeNetOfTax": "19356000000",
            "ebit": "21869000000",
            "ebitda": "22018000000",
            "netIncome": "19309000000"
        },
        {
            "fiscalDateEnding": "2024-07-28",
            "reportedCurrency": "USD",
            "grossProfit": "22574000000",
            "totalRevenue": "30040000000",
            "costOfRevenue": "7466000000",
            "costofGoodsAndServicesSold": "345000000",
            "operatingIncome": "18642000000",
            "sellingGeneralAndAdministrative": "842000000",
            "researchAndDevelopment": "3090000000",
            "operatingExpenses": "3932000000",
            "investmentIncomeNet": "444000000",
            "netInterestIncome": "383000000",
            "interestIncome": "444000000",
            "interestExpense": "61000000",
            "nonInterestIncome": "None",
            "otherNonOperatingIncome": "189000000",
            "depreciation": "None",
            "depreciationAndAmortization": "146000000",
            "incomeBeforeTax": "19214000000",
            "incomeTaxExpense": "2615000000",
            "interestAndDebtExpense": "61000000",
            "netIncomeFromContinuingOperations": "16599000000",
            "comprehensiveIncomeNetOfTax": "16764000000",
            "ebit": "18642000000",
            "ebitda": "18788000000",
            "netIncome": "16599000000"
        },
        {
            "fiscalDateEnding": "2024-04-28",
            "reportedCurrency": "USD",
            "grossProfit": "20406000000",
            "totalRevenue": "26044000000",
            "costOfRevenue": "5638000000",
            "costofGoodsAndServicesSold": "210000000",
            "operatingIncome": "16909000000",
            "sellingGeneralAndAdministrative": "777000000",
            "researchAndDevelopment": "2720000000",
            "operatingExpenses": "3497000000",
            "investmentIncomeNet": "359000000",
            "netInterestIncome": "-64000000",
            "interestIncome": "359000000",
            "interestExpense": "64000000",
            "nonInterestIncome": "None",
            "otherNonOperatingIncome": "75000000",
            "depreciation": "None",
            "depreciationAndAmortization": "143000000",
            "incomeBeforeTax": "17279000000",
            "incomeTaxExpense": "2398000000",
            "interestAndDebtExpense": "64000000",
            "netIncomeFromContinuingOperations": "14881000000",
            "comprehensiveIncomeNetOfTax": "14745000000",
            "ebit": "17343000000",
            "ebitda": "17486000000",
            "netIncome": "14881000000"
        },
        {
            "fiscalDateEnding": "2024-01-28",
            "reportedCurrency": "USD",
            "grossProfit": "16791000000",
            "totalRevenue": "22103000000",
            "costOfRevenue": "5312000000",
            "costofGoodsAndServicesSold": "118000000",
            "operatingIncome": "13614000000",
            "sellingGeneralAndAdministrative": "712000000",
            "researchAndDevelopment": "2465000000",
            "operatingExpenses": "3177000000",
            "investmentIncomeNet": "294000000",
            "netInterestIncome": "-63000000",
            "interestIncome": "294000000",
            "interestExpense": "63000000",
            "nonInterestIncome": "None",
            "otherNonOperatingIncome": "261000000",
            "depreciation": "None",
            "depreciationAndAmortization": "143000000",
            "incomeBeforeTax": "14106000000",
            "incomeTaxExpense": "1821000000",
            "interestAndDebtExpense": "63000000",
            "netIncomeFromContinuingOperations": "12285000000",
            "comprehensiveIncomeNetOfTax": "12400000000",
            "ebit": "14169000000",
            "ebitda": "14312000000",
            "netIncome": "12285000000"
        },
        {
            "fiscalDateEnding": "2023-10-29",
            "reportedCurrency": "USD",
            "grossProfit": "13400000000",
            "totalRevenue": "18120000000",
            "costOfRevenue": "4720000000",
            "costofGoodsAndServicesSold": "208000000",
            "operatingIncome": "10417000000",
            "sellingGeneralAndAdministrative": "689000000",
            "researchAndDevelopment": "2294000000",
            "operatingExpenses": "2983000000",
            "investmentIncomeNet": "234000000",
            "netInterestIncome": "-63000000",
            "interestIncome": "234000000",
            "interestExpense": "63000000",
            "nonInterestIncome": "None",
            "otherNonOperatingIncome": "-66000000",
            "depreciation": "None",
            "depreciationAndAmortization": "144000000",
            "incomeBeforeTax": "10523000000",
            "incomeTaxExpense": "1279000000",
            "interestAndDebtExpense": "63000000",
            "netIncomeFromContinuingOperations": "9242000000",
            "comprehensiveIncomeNetOfTax": "9206000000",
            "ebit": "10586000000",
            "ebitda": "10730000000",
            "netIncome": "9243000000"
        },
        {
            "fiscalDateEnding": "2023-07-30",
            "reportedCurrency": "USD",
            "grossProfit": "9462000000",
            "totalRevenue": "13507000000",
            "costOfRevenue": "4045000000",
            "costofGoodsAndServicesSold": "343000000",
            "operatingIncome": "6800000000",
            "sellingGeneralAndAdministrative": "622000000",
            "researchAndDevelopment": "2040000000",
            "operatingExpenses": "2662000000",
            "investmentIncomeNet": "187000000",
            "netInterestIncome": "-65000000",
            "interestIncome": "187000000",
            "interestExpense": "65000000",
            "nonInterestIncome": "None",
            "otherNonOperatingIncome": "59000000",
            "depreciation": "None",
            "depreciationAndAmortization": "146000000",
            "incomeBeforeTax": "6981000000",
            "incomeTaxExpense": "793000000",
            "interestAndDebtExpense": "65000000",
            "netIncomeFromContinuingOperations": "6188000000",
            "comprehensiveIncomeNetOfTax": "6187000000",
            "ebit": "7046000000",
            "ebitda": "7192000000",
            "netIncome": "6188000000"
        },
        {
            "fiscalDateEnding": "2023-04-30",
            "reportedCurrency": "USD",
            "grossProfit": "4648000000",
            "totalRevenue": "7192000000",
            "costOfRevenue": "2544000000",
            "costofGoodsAndServicesSold": "105000000",
            "operatingIncome": "2140000000",
            "sellingGeneralAndAdministrative": "633000000",
            "researchAndDevelopment": "1875000000",
            "operatingExpenses": "2508000000",
            "investmentIncomeNet": "150000000",
            "netInterestIncome": "-66000000",
            "interestIncome": "150000000",
            "interestExpense": "66000000",
            "nonInterestIncome": "None",
            "otherNonOperatingIncome": "-15000000",
            "depreciation": "None",
            "depreciationAndAmortization": "181000000",
            "incomeBeforeTax": "2209000000",
            "incomeTaxExpense": "166000000",
            "interestAndDebtExpense": "66000000",
            "netIncomeFromContinuingOperations": "2043000000",
            "comprehensiveIncomeNetOfTax": "2036000000",
            "ebit": "2275000000",
            "ebitda": "2456000000",
            "netIncome": "2043000000"
        },
        {
            "fiscalDateEnding": "2023-01-29",
            "reportedCurrency": "USD",
            "grossProfit": "3833000000",
            "totalRevenue": "6051000000",
            "costOfRevenue": "2218000000",
            "costofGoodsAndServicesSold": "2218000000",
            "operatingIncome": "1256000000",
            "sellingGeneralAndAdministrative": "625000000",
            "researchAndDevelopment": "1952000000",
            "operatingExpenses": "2577000000",
            "investmentIncomeNet": "115000000",
            "netInterestIncome": "-64000000",
            "interestIncome": "115000000",
            "interestExpense": "64000000",
            "nonInterestIncome": "None",
            "otherNonOperatingIncome": "-19000000",
            "depreciation": "None",
            "depreciationAndAmortization": "556000000",
            "incomeBeforeTax": "1288000000",
            "incomeTaxExpense": "-126000000",
            "interestAndDebtExpense": "64000000",
            "netIncomeFromContinuingOperations": "1414000000",
            "comprehensiveIncomeNetOfTax": "1494000000",
            "ebit": "1352000000",
            "ebitda": "1908000000",
            "netIncome": "1414000000"
        },
        {
            "fiscalDateEnding": "2022-10-30",
            "reportedCurrency": "USD",
            "grossProfit": "3177000000",
            "totalRevenue": "5931000000",
            "costOfRevenue": "2754000000",
            "costofGoodsAndServicesSold": "354000000",
            "operatingIncome": "601000000",
            "sellingGeneralAndAdministrative": "631000000",
            "researchAndDevelopment": "1945000000",
            "operatingExpenses": "2576000000",
            "investmentIncomeNet": "88000000",
            "netInterestIncome": "-65000000",
            "interestIncome": "88000000",
            "interestExpense": "65000000",
            "nonInterestIncome": "None",
            "otherNonOperatingIncome": "-11000000",
            "depreciation": "None",
            "depreciationAndAmortization": "181000000",
            "incomeBeforeTax": "613000000",
            "incomeTaxExpense": "-67000000",
            "interestAndDebtExpense": "65000000",
            "netIncomeFromContinuingOperations": "680000000",
            "comprehensiveIncomeNetOfTax": "647000000",
            "ebit": "678000000",
            "ebitda": "859000000",
            "netIncome": "680000000"
        },
        {
            "fiscalDateEnding": "2022-07-31",
            "reportedCurrency": "USD",
            "grossProfit": "2915000000",
            "totalRevenue": "6704000000",
            "costOfRevenue": "3789000000",
            "costofGoodsAndServicesSold": "570000000",
            "operatingIncome": "499000000",
            "sellingGeneralAndAdministrative": "592000000",
            "researchAndDevelopment": "1824000000",
            "operatingExpenses": "2416000000",
            "investmentIncomeNet": "46000000",
            "netInterestIncome": "-65000000",
            "interestIncome": "46000000",
            "interestExpense": "65000000",
            "nonInterestIncome": "None",
            "otherNonOperatingIncome": "-5000000",
            "depreciation": "None",
            "depreciationAndAmortization": "182000000",
            "incomeBeforeTax": "475000000",
            "incomeTaxExpense": "-181000000",
            "interestAndDebtExpense": "65000000",
            "netIncomeFromContinuingOperations": "656000000",
            "comprehensiveIncomeNetOfTax": "630000000",
            "ebit": "540000000",
            "ebitda": "722000000",
            "netIncome": "656000000"
        },
        {
            "fiscalDateEnding": "2022-05-01",
            "reportedCurrency": "USD",
            "grossProfit": "5431000000",
            "totalRevenue": "8288000000",
            "costOfRevenue": "2857000000",
            "costofGoodsAndServicesSold": "2857000000",
            "operatingIncome": "1868000000",
            "sellingGeneralAndAdministrative": "592000000",
            "researchAndDevelopment": "1618000000",
            "operatingExpenses": "3563000000",
            "investmentIncomeNet": "18000000",
            "netInterestIncome": "-68000000",
            "interestIncome": "18000000",
            "interestExpense": "68000000",
            "nonInterestIncome": "None",
            "otherNonOperatingIncome": "-13000000",
            "depreciation": "None",
            "depreciationAndAmortization": "155000000",
            "incomeBeforeTax": "1805000000",
            "incomeTaxExpense": "187000000",
            "interestAndDebtExpense": "68000000",
            "netIncomeFromContinuingOperations": "1618000000",
            "comprehensiveIncomeNetOfTax": "1565000000",
            "ebit": "1873000000",
            "ebitda": "2028000000",
            "netIncome": "1618000000"
        },
        {
            "fiscalDateEnding": "2022-01-30",
            "reportedCurrency": "USD",
            "grossProfit": "4999000000",
            "totalRevenue": "7643000000",
            "costOfRevenue": "2644000000",
            "costofGoodsAndServicesSold": "2644000000",
            "operatingIncome": "2970000000",
            "sellingGeneralAndAdministrative": "563000000",
            "researchAndDevelopment": "1466000000",
            "operatingExpenses": "2029000000",
            "investmentIncomeNet": "9000000",
            "netInterestIncome": "-61000000",
            "interestIncome": "9000000",
            "interestExpense": "61000000",
            "nonInterestIncome": "None",
            "otherNonOperatingIncome": "-53000000",
            "depreciation": "None",
            "depreciationAndAmortization": "145000000",
            "incomeBeforeTax": "2865000000",
            "incomeTaxExpense": "-138000000",
            "interestAndDebtExpense": "61000000",
            "netIncomeFromContinuingOperations": "3003000000",
            "comprehensiveIncomeNetOfTax": "2983000000",
            "ebit": "2926000000",
            "ebitda": "3071000000",
            "netIncome": "3003000000"
        },
        {
            "fiscalDateEnding": "2021-10-31",
            "reportedCurrency": "USD",
            "grossProfit": "4631000000",
            "totalRevenue": "7103000000",
            "costOfRevenue": "2472000000",
            "costofGoodsAndServicesSold": "2472000000",
            "operatingIncome": "2671000000",
            "sellingGeneralAndAdministrative": "557000000",
            "researchAndDevelopment": "1403000000",
            "operatingExpenses": "1960000000",
            "investmentIncomeNet": "7000000",
            "netInterestIncome": "-62000000",
            "interestIncome": "7000000",
            "interestExpense": "62000000",
            "nonInterestIncome": "None",
            "otherNonOperatingIncome": "22000000",
            "depreciation": "None",
            "depreciationAndAmortization": "143000000",
            "incomeBeforeTax": "2638000000",
            "incomeTaxExpense": "174000000",
            "interestAndDebtExpense": "62000000",
            "netIncomeFromContinuingOperations": "2464000000",
            "comprehensiveIncomeNetOfTax": "2465000000",
            "ebit": "2700000000",
            "ebitda": "2843000000",
            "netIncome": "2464000000"
        },
        {
            "fiscalDateEnding": "2021-08-01",
            "reportedCurrency": "USD",
            "grossProfit": "4215000000",
            "totalRevenue": "6507000000",
            "costOfRevenue": "2292000000",
            "costofGoodsAndServicesSold": "2292000000",
            "operatingIncome": "2444000000",
            "sellingGeneralAndAdministrative": "526000000",
            "researchAndDevelopment": "1245000000",
            "operatingExpenses": "1771000000",
            "investmentIncomeNet": "6000000",
            "netInterestIncome": "-60000000",
            "interestIncome": "6000000",
            "interestExpense": "60000000",
            "nonInterestIncome": "None",
            "otherNonOperatingIncome": "4000000",
            "depreciation": "None",
            "depreciationAndAmortization": "286000000",
            "incomeBeforeTax": "2394000000",
            "incomeTaxExpense": "20000000",
            "interestAndDebtExpense": "60000000",
            "netIncomeFromContinuingOperations": "252000000",
            "comprehensiveIncomeNetOfTax": "2368000000",
            "ebit": "2454000000",
            "ebitda": "2740000000",
            "netIncome": "2374000000"
        },
        {
            "fiscalDateEnding": "2021-05-02",
            "reportedCurrency": "USD",
            "grossProfit": "3629000000",
            "totalRevenue": "5661000000",
            "costOfRevenue": "2032000000",
            "costofGoodsAndServicesSold": "2032000000",
            "operatingIncome": "1956000000",
            "sellingGeneralAndAdministrative": "520000000",
            "researchAndDevelopment": "1153000000",
            "operatingExpenses": "1673000000",
            "investmentIncomeNet": "6000000",
            "netInterestIncome": "-53000000",
            "interestIncome": "6000000",
            "interestExpense": "53000000",
            "nonInterestIncome": "None",
            "otherNonOperatingIncome": "135000000",
            "depreciation": "None",
            "depreciationAndAmortization": "281000000",
            "incomeBeforeTax": "2044000000",
            "incomeTaxExpense": "132000000",
            "interestAndDebtExpense": "53000000",
            "netIncomeFromContinuingOperations": "1912000000",
            "comprehensiveIncomeNetOfTax": "1907000000",
            "ebit": "2097000000",
            "ebitda": "2378000000",
            "netIncome": "1912000000"
        },
        {
            "fiscalDateEnding": "2021-01-31",
            "reportedCurrency": "USD",
            "grossProfit": "3156000000",
            "totalRevenue": "5003000000",
            "costOfRevenue": "1847000000",
            "costofGoodsAndServicesSold": "1846000000",
            "operatingIncome": "1507000000",
            "sellingGeneralAndAdministrative": "503000000",
            "researchAndDevelopment": "1146000000",
            "operatingExpenses": "1649000000",
            "investmentIncomeNet": "7000000",
            "netInterestIncome": "-53000000",
            "interestIncome": "6000000",
            "interestExpense": "53000000",
            "nonInterestIncome": "None",
            "otherNonOperatingIncome": "9000000",
            "depreciation": "None",
            "depreciationAndAmortization": "288000000",
            "incomeBeforeTax": "1470000000",
            "incomeTaxExpense": "13000000",
            "interestAndDebtExpense": "53000000",
            "netIncomeFromContinuingOperations": "1457000000",
            "comprehensiveIncomeNetOfTax": "1464000000",
            "ebit": "1523000000",
            "ebitda": "1811000000",
            "netIncome": "1457000000"
        },
        {
            "fiscalDateEnding": "2020-10-25",
            "reportedCurrency": "USD",
            "grossProfit": "2960000000",
            "totalRevenue": "4726000000",
            "costOfRevenue": "1766000000",
            "costofGoodsAndServicesSold": "1766000000",
            "operatingIncome": "1398000000",
            "sellingGeneralAndAdministrative": "515000000",
            "researchAndDevelopment": "1047000000",
            "operatingExpenses": "1562000000",
            "investmentIncomeNet": "7000000",
            "netInterestIncome": "-53000000",
            "interestIncome": "7000000",
            "interestExpense": "53000000",
            "nonInterestIncome": "None",
            "otherNonOperatingIncome": "-4000000",
            "depreciation": "None",
            "depreciationAndAmortization": "299000000",
            "incomeBeforeTax": "1348000000",
            "incomeTaxExpense": "12000000",
            "interestAndDebtExpense": "53000000",
            "netIncomeFromContinuingOperations": "1336000000",
            "comprehensiveIncomeNetOfTax": "1344000000",
            "ebit": "1401000000",
            "ebitda": "1700000000",
            "netIncome": "1336000000"
        },
        {
            "fiscalDateEnding": "2020-07-26",
            "reportedCurrency": "USD",
            "grossProfit": "2275000000",
            "totalRevenue": "3866000000",
            "costOfRevenue": "1591000000",
            "costofGoodsAndServicesSold": "1591000000",
            "operatingIncome": "651000000",
            "sellingGeneralAndAdministrative": "627000000",
            "researchAndDevelopment": "997000000",
            "operatingExpenses": "1624000000",
            "investmentIncomeNet": "13000000",
            "netInterestIncome": "-54000000",
            "interestIncome": "13000000",
            "interestExpense": "54000000",
            "nonInterestIncome": "None",
            "otherNonOperatingIncome": "-1000000",
            "depreciation": "None",
            "depreciationAndAmortization": "404000000",
            "incomeBeforeTax": "609000000",
            "incomeTaxExpense": "-13000000",
            "interestAndDebtExpense": "54000000",
            "netIncomeFromContinuingOperations": "622000000",
            "comprehensiveIncomeNetOfTax": "636000000",
            "ebit": "663000000",
            "ebitda": "1067000000",
            "netIncome": "622000000"
        },
        {
            "fiscalDateEnding": "2020-04-26",
            "reportedCurrency": "USD",
            "grossProfit": "2004000000",
            "totalRevenue": "3080000000",
            "costOfRevenue": "1076000000",
            "costofGoodsAndServicesSold": "1076000000",
            "operatingIncome": "976000000",
            "sellingGeneralAndAdministrative": "293000000",
            "researchAndDevelopment": "735000000",
            "operatingExpenses": "1028000000",
            "investmentIncomeNet": "31000000",
            "netInterestIncome": "-25000000",
            "interestIncome": "31000000",
            "interestExpense": "25000000",
            "nonInterestIncome": "None",
            "otherNonOperatingIncome": "-1000000",
            "depreciation": "None",
            "depreciationAndAmortization": "107000000",
            "incomeBeforeTax": "981000000",
            "incomeTaxExpense": "64000000",
            "interestAndDebtExpense": "25000000",
            "netIncomeFromContinuingOperations": "917000000",
            "comprehensiveIncomeNetOfTax": "906000000",
            "ebit": "1006000000",
            "ebitda": "1113000000",
            "netIncome": "917000000"
        },
        {
            "fiscalDateEnding": "2020-01-26",
            "reportedCurrency": "USD",
            "grossProfit": "2015000000",
            "totalRevenue": "3105000000",
            "costOfRevenue": "1090000000",
            "costofGoodsAndServicesSold": "1090000000",
            "operatingIncome": "990000000",
            "sellingGeneralAndAdministrative": "287000000",
            "researchAndDevelopment": "738000000",
            "operatingExpenses": "1025000000",
            "investmentIncomeNet": "41000000",
            "netInterestIncome": "-13000000",
            "interestIncome": "41000000",
            "interestExpense": "13000000",
            "nonInterestIncome": "3105000000",
            "otherNonOperatingIncome": "-2000000",
            "depreciation": "None",
            "depreciationAndAmortization": "106000000",
            "incomeBeforeTax": "1015000000",
            "incomeTaxExpense": "65000000",
            "interestAndDebtExpense": "13000000",
            "netIncomeFromContinuingOperations": "2015000000",
            "comprehensiveIncomeNetOfTax": "955000000",
            "ebit": "1028000000",
            "ebitda": "1134000000",
            "netIncome": "950000000"
        },
        {
            "fiscalDateEnding": "2019-10-27",
            "reportedCurrency": "USD",
            "grossProfit": "1916000000",
            "totalRevenue": "3014000000",
            "costOfRevenue": "1098000000",
            "costofGoodsAndServicesSold": "1098000000",
            "operatingIncome": "927000000",
            "sellingGeneralAndAdministrative": "277000000",
            "researchAndDevelopment": "712000000",
            "operatingExpenses": "989000000",
            "investmentIncomeNet": "45000000",
            "netInterestIncome": "-13000000",
            "interestIncome": "45000000",
            "interestExpense": "13000000",
            "nonInterestIncome": "3014000000",
            "otherNonOperatingIncome": "0",
            "depreciation": "None",
            "depreciationAndAmortization": "92000000",
            "incomeBeforeTax": "959000000",
            "incomeTaxExpense": "60000000",
            "interestAndDebtExpense": "13000000",
            "netIncomeFromContinuingOperations": "899000000",
            "comprehensiveIncomeNetOfTax": "897000000",
            "ebit": "972000000",
            "ebitda": "1064000000",
            "netIncome": "899000000"
        },
        {
            "fiscalDateEnding": "2019-07-28",
            "reportedCurrency": "USD",
            "grossProfit": "1541000000",
            "totalRevenue": "2579000000",
            "costOfRevenue": "1038000000",
            "costofGoodsAndServicesSold": "1038000000",
            "operatingIncome": "571000000",
            "sellingGeneralAndAdministrative": "266000000",
            "researchAndDevelopment": "704000000",
            "operatingExpenses": "970000000",
            "investmentIncomeNet": "47000000",
            "netInterestIncome": "-13000000",
            "interestIncome": "47000000",
            "interestExpense": "13000000",
            "nonInterestIncome": "2579000000",
            "otherNonOperatingIncome": "1000000",
            "depreciation": "None",
            "depreciationAndAmortization": "92000000",
            "incomeBeforeTax": "606000000",
            "incomeTaxExpense": "54000000",
            "interestAndDebtExpense": "13000000",
            "netIncomeFromContinuingOperations": "552000000",
            "comprehensiveIncomeNetOfTax": "553000000",
            "ebit": "619000000",
            "ebitda": "711000000",
            "netIncome": "552000000"
        },
        {
            "fiscalDateEnding": "2019-04-28",
            "reportedCurrency": "USD",
            "grossProfit": "1296000000",
            "totalRevenue": "2220000000",
            "costOfRevenue": "924000000",
            "costofGoodsAndServicesSold": "924000000",
            "operatingIncome": "358000000",
            "sellingGeneralAndAdministrative": "264000000",
            "researchAndDevelopment": "674000000",
            "operatingExpenses": "938000000",
            "investmentIncomeNet": "44000000",
            "netInterestIncome": "-13000000",
            "interestIncome": "44000000",
            "interestExpense": "13000000",
            "nonInterestIncome": "2220000000",
            "otherNonOperatingIncome": "0",
            "depreciation": "None",
            "depreciationAndAmortization": "91000000",
            "incomeBeforeTax": "389000000",
            "incomeTaxExpense": "-5000000",
            "interestAndDebtExpense": "13000000",
            "netIncomeFromContinuingOperations": "394000000",
            "comprehensiveIncomeNetOfTax": "404000000",
            "ebit": "402000000",
            "ebitda": "493000000",
            "netIncome": "394000000"
        },
        {
            "fiscalDateEnding": "2019-01-27",
            "reportedCurrency": "USD",
            "grossProfit": "1207000000",
            "totalRevenue": "2205000000",
            "costOfRevenue": "998000000",
            "costofGoodsAndServicesSold": "998000000",
            "operatingIncome": "294000000",
            "sellingGeneralAndAdministrative": "266000000",
            "researchAndDevelopment": "647000000",
            "operatingExpenses": "913000000",
            "investmentIncomeNet": "42000000",
            "netInterestIncome": "-14000000",
            "interestIncome": "None",
            "interestExpense": "14000000",
            "nonInterestIncome": "2205000000",
            "otherNonOperatingIncome": "2000000",
            "depreciation": "None",
            "depreciationAndAmortization": "78000000",
            "incomeBeforeTax": "325000000",
            "incomeTaxExpense": "-242000000",
            "interestAndDebtExpense": "14000000",
            "netIncomeFromContinuingOperations": "1207000000",
            "comprehensiveIncomeNetOfTax": "578000000",
            "ebit": "339000000",
            "ebitda": "417000000",
            "netIncome": "567000000"
        },
        {
            "fiscalDateEnding": "2018-10-28",
            "reportedCurrency": "USD",
            "grossProfit": "1921000000",
            "totalRevenue": "3181000000",
            "costOfRevenue": "1260000000",
            "costofGoodsAndServicesSold": "1260000000",
            "operatingIncome": "1058000000",
            "sellingGeneralAndAdministrative": "258000000",
            "researchAndDevelopment": "605000000",
            "operatingExpenses": "863000000",
            "investmentIncomeNet": "37000000",
            "netInterestIncome": "-15000000",
            "interestIncome": "None",
            "interestExpense": "15000000",
            "nonInterestIncome": "3181000000",
            "otherNonOperatingIncome": "1000000",
            "depreciation": "None",
            "depreciationAndAmortization": "68000000",
            "incomeBeforeTax": "1081000000",
            "incomeTaxExpense": "-149000000",
            "interestAndDebtExpense": "15000000",
            "netIncomeFromContinuingOperations": "1230000000",
            "comprehensiveIncomeNetOfTax": "1229000000",
            "ebit": "1096000000",
            "ebitda": "1164000000",
            "netIncome": "1230000000"
        },
        {
            "fiscalDateEnding": "2018-07-29",
            "reportedCurrency": "USD",
            "grossProfit": "1975000000",
            "totalRevenue": "3123000000",
            "costOfRevenue": "1148000000",
            "costofGoodsAndServicesSold": "1148000000",
            "operatingIncome": "1157000000",
            "sellingGeneralAndAdministrative": "237000000",
            "researchAndDevelopment": "581000000",
            "operatingExpenses": "818000000",
            "investmentIncomeNet": "32000000",
            "netInterestIncome": "-14000000",
            "interestIncome": "None",
            "interestExpense": "14000000",
            "nonInterestIncome": "3123000000",
            "otherNonOperatingIncome": "5000000",
            "depreciation": "None",
            "depreciationAndAmortization": "58000000",
            "incomeBeforeTax": "1180000000",
            "incomeTaxExpense": "79000000",
            "interestAndDebtExpense": "14000000",
            "netIncomeFromContinuingOperations": "1101000000",
            "comprehensiveIncomeNetOfTax": "1101000000",
            "ebit": "1194000000",
            "ebitda": "1252000000",
            "netIncome": "1101000000"
        },
        {
            "fiscalDateEnding": "2018-04-29",
            "reportedCurrency": "USD",
            "grossProfit": "2068000000",
            "totalRevenue": "3207000000",
            "costOfRevenue": "1139000000",
            "costofGoodsAndServicesSold": "1139000000",
            "operatingIncome": "1295000000",
            "sellingGeneralAndAdministrative": "231000000",
            "researchAndDevelopment": "542000000",
            "operatingExpenses": "773000000",
            "investmentIncomeNet": "25000000",
            "netInterestIncome": "-15000000",
            "interestIncome": "None",
            "interestExpense": "15000000",
            "nonInterestIncome": "0",
            "otherNonOperatingIncome": "6000000",
            "depreciation": "None",
            "depreciationAndAmortization": "57000000",
            "incomeBeforeTax": "1311000000",
            "incomeTaxExpense": "67000000",
            "interestAndDebtExpense": "15000000",
            "netIncomeFromContinuingOperations": "1244000000",
            "comprehensiveIncomeNetOfTax": "1239000000",
            "ebit": "1326000000",
            "ebitda": "1383000000",
            "netIncome": "1244000000"
        },
        {
            "fiscalDateEnding": "2018-01-28",
            "reportedCurrency": "USD",
            "grossProfit": "1801000000",
            "totalRevenue": "2911000000",
            "costOfRevenue": "1110000000",
            "costofGoodsAndServicesSold": "1110000000",
            "operatingIncome": "1073000000",
            "sellingGeneralAndAdministrative": "221000000",
            "researchAndDevelopment": "507000000",
            "operatingExpenses": "728000000",
            "investmentIncomeNet": "21000000",
            "netInterestIncome": "-15000000",
            "interestIncome": "None",
            "interestExpense": "15000000",
            "nonInterestIncome": "2911000000",
            "otherNonOperatingIncome": "0",
            "depreciation": "None",
            "depreciationAndAmortization": "54000000",
            "incomeBeforeTax": "1078000000",
            "incomeTaxExpense": "-40000000",
            "interestAndDebtExpense": "15000000",
            "netIncomeFromContinuingOperations": "1801000000",
            "comprehensiveIncomeNetOfTax": "1114000000",
            "ebit": "1093000000",
            "ebitda": "1147000000",
            "netIncome": "1118000000"
        },
        {
            "fiscalDateEnding": "2017-10-29",
            "reportedCurrency": "USD",
            "grossProfit": "1569000000",
            "totalRevenue": "2636000000",
            "costOfRevenue": "1067000000",
            "costofGoodsAndServicesSold": "1067000000",
            "operatingIncome": "895000000",
            "sellingGeneralAndAdministrative": "212000000",
            "researchAndDevelopment": "462000000",
            "operatingExpenses": "674000000",
            "investmentIncomeNet": "17000000",
            "netInterestIncome": "-15000000",
            "interestIncome": "None",
            "interestExpense": "15000000",
            "nonInterestIncome": "-1000000",
            "otherNonOperatingIncome": "-1000000",
            "depreciation": "None",
            "depreciationAndAmortization": "50000000",
            "incomeBeforeTax": "896000000",
            "incomeTaxExpense": "58000000",
            "interestAndDebtExpense": "16000000",
            "netIncomeFromContinuingOperations": "838000000",
            "comprehensiveIncomeNetOfTax": "836000000",
            "ebit": "911000000",
            "ebitda": "961000000",
            "netIncome": "838000000"
        },
        {
            "fiscalDateEnding": "2017-07-30",
            "reportedCurrency": "USD",
            "grossProfit": "1302000000",
            "totalRevenue": "2230000000",
            "costOfRevenue": "928000000",
            "costofGoodsAndServicesSold": "928000000",
            "operatingIncome": "688000000",
            "sellingGeneralAndAdministrative": "198000000",
            "researchAndDevelopment": "416000000",
            "operatingExpenses": "614000000",
            "investmentIncomeNet": "15000000",
            "netInterestIncome": "-15000000",
            "interestIncome": "None",
            "interestExpense": "15000000",
            "nonInterestIncome": "-3000000",
            "otherNonOperatingIncome": "-4000000",
            "depreciation": "None",
            "depreciationAndAmortization": "49000000",
            "incomeBeforeTax": "684000000",
            "incomeTaxExpense": "101000000",
            "interestAndDebtExpense": "18000000",
            "netIncomeFromContinuingOperations": "583000000",
            "comprehensiveIncomeNetOfTax": "586000000",
            "ebit": "699000000",
            "ebitda": "748000000",
            "netIncome": "583000000"
        },
        {
            "fiscalDateEnding": "2017-04-30",
            "reportedCurrency": "USD",
            "grossProfit": "1150000000",
            "totalRevenue": "1937000000",
            "costOfRevenue": "787000000",
            "costofGoodsAndServicesSold": "787000000",
            "operatingIncome": "554000000",
            "sellingGeneralAndAdministrative": "185000000",
            "researchAndDevelopment": "411000000",
            "operatingExpenses": "596000000",
            "investmentIncomeNet": "16000000",
            "netInterestIncome": "-16000000",
            "interestIncome": "None",
            "interestExpense": "16000000",
            "nonInterestIncome": "-14000000",
            "otherNonOperatingIncome": "-18000000",
            "depreciation": "None",
            "depreciationAndAmortization": "47000000",
            "incomeBeforeTax": "536000000",
            "incomeTaxExpense": "29000000",
            "interestAndDebtExpense": "30000000",
            "netIncomeFromContinuingOperations": "507000000",
            "comprehensiveIncomeNetOfTax": "510000000",
            "ebit": "552000000",
            "ebitda": "599000000",
            "netIncome": "507000000"
        },
        {
            "fiscalDateEnding": "2017-01-29",
            "reportedCurrency": "USD",
            "grossProfit": "1303000000",
            "totalRevenue": "2173000000",
            "costOfRevenue": "870000000",
            "costofGoodsAndServicesSold": "870000000",
            "operatingIncome": "733000000",
            "sellingGeneralAndAdministrative": "176000000",
            "researchAndDevelopment": "394000000",
            "operatingExpenses": "570000000",
            "investmentIncomeNet": "17000000",
            "netInterestIncome": "-19000000",
            "interestIncome": "None",
            "interestExpense": "19000000",
            "nonInterestIncome": "-1000000",
            "otherNonOperatingIncome": "-6000000",
            "depreciation": "None",
            "depreciationAndAmortization": "47000000",
            "incomeBeforeTax": "726000000",
            "incomeTaxExpense": "71000000",
            "interestAndDebtExpense": "25000000",
            "netIncomeFromContinuingOperations": "1303000000",
            "comprehensiveIncomeNetOfTax": "643000000",
            "ebit": "745000000",
            "ebitda": "792000000",
            "netIncome": "655000000"
        },
        {
            "fiscalDateEnding": "2016-10-30",
            "reportedCurrency": "USD",
            "grossProfit": "1183000000",
            "totalRevenue": "2004000000",
            "costOfRevenue": "821000000",
            "costofGoodsAndServicesSold": "821000000",
            "operatingIncome": "639000000",
            "sellingGeneralAndAdministrative": "171000000",
            "researchAndDevelopment": "373000000",
            "operatingExpenses": "544000000",
            "investmentIncomeNet": "14000000",
            "netInterestIncome": "-16000000",
            "interestIncome": "None",
            "interestExpense": "16000000",
            "nonInterestIncome": "-15000000",
            "otherNonOperatingIncome": "-16000000",
            "depreciation": "None",
            "depreciationAndAmortization": "48000000",
            "incomeBeforeTax": "621000000",
            "incomeTaxExpense": "79000000",
            "interestAndDebtExpense": "31000000",
            "netIncomeFromContinuingOperations": "542000000",
            "comprehensiveIncomeNetOfTax": "534000000",
            "ebit": "637000000",
            "ebitda": "685000000",
            "netIncome": "542000000"
        },
        {
            "fiscalDateEnding": "2016-07-31",
            "reportedCurrency": "USD",
            "grossProfit": "826000000",
            "totalRevenue": "1428000000",
            "costOfRevenue": "602000000",
            "costofGoodsAndServicesSold": "602000000",
            "operatingIncome": "317000000",
            "sellingGeneralAndAdministrative": "157000000",
            "researchAndDevelopment": "350000000",
            "operatingExpenses": "509000000",
            "investmentIncomeNet": "12000000",
            "netInterestIncome": "-12000000",
            "interestIncome": "None",
            "interestExpense": "12000000",
            "nonInterestIncome": "0",
            "otherNonOperatingIncome": "0",
            "depreciation": "None",
            "depreciationAndAmortization": "47000000",
            "incomeBeforeTax": "317000000",
            "incomeTaxExpense": "56000000",
            "interestAndDebtExpense": "12000000",
            "netIncomeFromContinuingOperations": "253000000",
            "comprehensiveIncomeNetOfTax": "263000000",
            "ebit": "329000000",
            "ebitda": "376000000",
            "netIncome": "261000000"
        },
        {
            "fiscalDateEnding": "2016-05-01",
            "reportedCurrency": "USD",
            "grossProfit": "751000000",
            "totalRevenue": "1305000000",
            "costOfRevenue": "554000000",
            "costofGoodsAndServicesSold": "554000000",
            "operatingIncome": "245000000",
            "sellingGeneralAndAdministrative": "159000000",
            "researchAndDevelopment": "346000000",
            "operatingExpenses": "506000000",
            "investmentIncomeNet": "12000000",
            "netInterestIncome": "-12000000",
            "interestIncome": "None",
            "interestExpense": "12000000",
            "nonInterestIncome": "0",
            "otherNonOperatingIncome": "-4000000",
            "depreciation": "None",
            "depreciationAndAmortization": "45000000",
            "incomeBeforeTax": "241000000",
            "incomeTaxExpense": "33000000",
            "interestAndDebtExpense": "12000000",
            "netIncomeFromContinuingOperations": "-33000000",
            "comprehensiveIncomeNetOfTax": "213000000",
            "ebit": "253000000",
            "ebitda": "298000000",
            "netIncome": "208000000"
        },
        {
            "fiscalDateEnding": "2016-01-31",
            "reportedCurrency": "USD",
            "grossProfit": "791000000",
            "totalRevenue": "1401000000",
            "costOfRevenue": "610000000",
            "costofGoodsAndServicesSold": "610000000",
            "operatingIncome": "252000000",
            "sellingGeneralAndAdministrative": "161000000",
            "researchAndDevelopment": "344000000",
            "operatingExpenses": "539000000",
            "investmentIncomeNet": "11000000",
            "netInterestIncome": "-12000000",
            "interestIncome": "None",
            "interestExpense": "12000000",
            "nonInterestIncome": "None",
            "otherNonOperatingIncome": "3000000",
            "depreciation": "None",
            "depreciationAndAmortization": "46000000",
            "incomeBeforeTax": "253000000",
            "incomeTaxExpense": "46000000",
            "interestAndDebtExpense": "12000000",
            "netIncomeFromContinuingOperations": "791000000",
            "comprehensiveIncomeNetOfTax": "202000000",
            "ebit": "265000000",
            "ebitda": "311000000",
            "netIncome": "207000000"
        },
        {
            "fiscalDateEnding": "2015-10-25",
            "reportedCurrency": "USD",
            "grossProfit": "733000000",
            "totalRevenue": "1305000000",
            "costOfRevenue": "572000000",
            "costofGoodsAndServicesSold": "571000000",
            "operatingIncome": "245000000",
            "sellingGeneralAndAdministrative": "152000000",
            "researchAndDevelopment": "329000000",
            "operatingExpenses": "489000000",
            "investmentIncomeNet": "9000000",
            "netInterestIncome": "-12000000",
            "interestIncome": "None",
            "interestExpense": "12000000",
            "nonInterestIncome": "None",
            "otherNonOperatingIncome": "3000000",
            "depreciation": "None",
            "depreciationAndAmortization": "48000000",
            "incomeBeforeTax": "246000000",
            "incomeTaxExpense": "-1000000",
            "interestAndDebtExpense": "12000000",
            "netIncomeFromContinuingOperations": "246000000",
            "comprehensiveIncomeNetOfTax": "246000000",
            "ebit": "258000000",
            "ebitda": "306000000",
            "netIncome": "247000000"
        },
        {
            "fiscalDateEnding": "2015-07-26",
            "reportedCurrency": "USD",
            "grossProfit": "634000000",
            "totalRevenue": "1153000000",
            "costOfRevenue": "519000000",
            "costofGoodsAndServicesSold": "519000000",
            "operatingIncome": "76000000",
            "sellingGeneralAndAdministrative": "149000000",
            "researchAndDevelopment": "320000000",
            "operatingExpenses": "558000000",
            "investmentIncomeNet": "9000000",
            "netInterestIncome": "-12000000",
            "interestIncome": "None",
            "interestExpense": "12000000",
            "nonInterestIncome": "None",
            "otherNonOperatingIncome": "-1000000",
            "depreciation": "None",
            "depreciationAndAmortization": "49000000",
            "incomeBeforeTax": "72000000",
            "incomeTaxExpense": "46000000",
            "interestAndDebtExpense": "12000000",
            "netIncomeFromContinuingOperations": "26000000",
            "comprehensiveIncomeNetOfTax": "19000000",
            "ebit": "84000000",
            "ebitda": "133000000",
            "netIncome": "26000000"
        },
        {
            "fiscalDateEnding": "2015-04-26",
            "reportedCurrency": "USD",
            "grossProfit": "653000000",
            "totalRevenue": "1151000000",
            "costOfRevenue": "498000000",
            "costofGoodsAndServicesSold": "498000000",
            "operatingIncome": "176000000",
            "sellingGeneralAndAdministrative": "138000000",
            "researchAndDevelopment": "339000000",
            "operatingExpenses": "477000000",
            "investmentIncomeNet": "9000000",
            "netInterestIncome": "-12000000",
            "interestIncome": "None",
            "interestExpense": "12000000",
            "nonInterestIncome": "None",
            "otherNonOperatingIncome": "-1000000",
            "depreciation": "None",
            "depreciationAndAmortization": "54000000",
            "incomeBeforeTax": "172000000",
            "incomeTaxExpense": "38000000",
            "interestAndDebtExpense": "12000000",
            "netIncomeFromContinuingOperations": "134000000",
            "comprehensiveIncomeNetOfTax": "135000000",
            "ebit": "184000000",
            "ebitda": "238000000",
            "netIncome": "134000000"
        },
        {
            "fiscalDateEnding": "2015-01-25",
            "reportedCurrency": "USD",
            "grossProfit": "699000000",
            "totalRevenue": "1251000000",
            "costOfRevenue": "552000000",
            "costofGoodsAndServicesSold": "550911000",
            "operatingIncome": "231000000",
            "sellingGeneralAndAdministrative": "119000000",
            "researchAndDevelopment": "349000000",
            "operatingExpenses": "468000000",
            "investmentIncomeNet": "8129000",
            "netInterestIncome": "-11594000",
            "interestIncome": "-594000",
            "interestExpense": "11000000",
            "nonInterestIncome": "None",
            "otherNonOperatingIncome": "0",
            "depreciation": "None",
            "depreciationAndAmortization": "54000000",
            "incomeBeforeTax": "227000000",
            "incomeTaxExpense": "34000000",
            "interestAndDebtExpense": "11594000",
            "netIncomeFromContinuingOperations": "699603000",
            "comprehensiveIncomeNetOfTax": "192000000",
            "ebit": "238000000",
            "ebitda": "292000000",
            "netIncome": "193000000"
        },
        {
            "fiscalDateEnding": "2014-10-26",
            "reportedCurrency": "USD",
            "grossProfit": "677000000",
            "totalRevenue": "1225000000",
            "costOfRevenue": "548000000",
            "costofGoodsAndServicesSold": "548684000",
            "operatingIncome": "213000000",
            "sellingGeneralAndAdministrative": "123000000",
            "researchAndDevelopment": "340000000",
            "operatingExpenses": "463000000",
            "investmentIncomeNet": "7422000",
            "netInterestIncome": "-11542000",
            "interestIncome": "-542000",
            "interestExpense": "11000000",
            "nonInterestIncome": "None",
            "otherNonOperatingIncome": "0",
            "depreciation": "None",
            "depreciationAndAmortization": "56000000",
            "incomeBeforeTax": "209000000",
            "incomeTaxExpense": "36000000",
            "interestAndDebtExpense": "11542000",
            "netIncomeFromContinuingOperations": "172967000",
            "comprehensiveIncomeNetOfTax": "178000000",
            "ebit": "220000000",
            "ebitda": "276000000",
            "netIncome": "173000000"
        },
        {
            "fiscalDateEnding": "2014-07-27",
            "reportedCurrency": "USD",
            "grossProfit": "619000000",
            "totalRevenue": "1103000000",
            "costOfRevenue": "484000000",
            "costofGoodsAndServicesSold": "483850000",
            "operatingIncome": "163000000",
            "sellingGeneralAndAdministrative": "119000000",
            "researchAndDevelopment": "337000000",
            "operatingExpenses": "456000000",
            "investmentIncomeNet": "6829000",
            "netInterestIncome": "-11526000",
            "interestIncome": "474000",
            "interestExpense": "12000000",
            "nonInterestIncome": "None",
            "otherNonOperatingIncome": "-3000000",
            "depreciation": "None",
            "depreciationAndAmortization": "56000000",
            "incomeBeforeTax": "155000000",
            "incomeTaxExpense": "27000000",
            "interestAndDebtExpense": "11526000",
            "netIncomeFromContinuingOperations": "127976000",
            "comprehensiveIncomeNetOfTax": "126000000",
            "ebit": "167000000",
            "ebitda": "223000000",
            "netIncome": "128000000"
        },
        {
            "fiscalDateEnding": "2014-04-27",
            "reportedCurrency": "USD",
            "grossProfit": "604000000",
            "totalRevenue": "1103000000",
            "costOfRevenue": "499000000",
            "costofGoodsAndServicesSold": "498585000",
            "operatingIncome": "151000000",
            "sellingGeneralAndAdministrative": "119000000",
            "researchAndDevelopment": "334000000",
            "operatingExpenses": "453000000",
            "investmentIncomeNet": "5710000",
            "netInterestIncome": "-11471000",
            "interestIncome": "-471000",
            "interestExpense": "11000000",
            "nonInterestIncome": "None",
            "otherNonOperatingIncome": "17000000",
            "depreciation": "None",
            "depreciationAndAmortization": "55000000",
            "incomeBeforeTax": "163000000",
            "incomeTaxExpense": "26000000",
            "interestAndDebtExpense": "11471000",
            "netIncomeFromContinuingOperations": "136516000",
            "comprehensiveIncomeNetOfTax": "138000000",
            "ebit": "174000000",
            "ebitda": "229000000",
            "netIncome": "137000000"
        },
        {
            "fiscalDateEnding": "2014-01-26",
            "reportedCurrency": "USD",
            "grossProfit": "619242000",
            "totalRevenue": "1144218000",
            "costOfRevenue": "524976000",
            "costofGoodsAndServicesSold": "524976000",
            "operatingIncome": "166697000",
            "sellingGeneralAndAdministrative": "115975000",
            "researchAndDevelopment": "336807000",
            "operatingExpenses": "452782000",
            "investmentIncomeNet": "4156000",
            "netInterestIncome": "-7935000",
            "interestIncome": "-443000",
            "interestExpense": "7492000",
            "nonInterestIncome": "None",
            "otherNonOperatingIncome": "5392000",
            "depreciation": "None",
            "depreciationAndAmortization": "54690000",
            "incomeBeforeTax": "168624000",
            "incomeTaxExpense": "21707000",
            "interestAndDebtExpense": "7935000",
            "netIncomeFromContinuingOperations": "619242000",
            "comprehensiveIncomeNetOfTax": "146046000",
            "ebit": "176116000",
            "ebitda": "230806000",
            "netIncome": "146917000"
        },
        {
            "fiscalDateEnding": "2013-10-27",
            "reportedCurrency": "USD",
            "grossProfit": "584415000",
            "totalRevenue": "1053967000",
            "costOfRevenue": "469552000",
            "costofGoodsAndServicesSold": "469552000",
            "operatingIncome": "140988000",
            "sellingGeneralAndAdministrative": "103133000",
            "researchAndDevelopment": "340294000",
            "operatingExpenses": "443427000",
            "investmentIncomeNet": "4022000",
            "netInterestIncome": "-819000",
            "interestIncome": "None",
            "interestExpense": "819000",
            "nonInterestIncome": "None",
            "otherNonOperatingIncome": "-2707000",
            "depreciation": "None",
            "depreciationAndAmortization": "62726000",
            "incomeBeforeTax": "141484000",
            "incomeTaxExpense": "22750000",
            "interestAndDebtExpense": "819000",
            "netIncomeFromContinuingOperations": "118734000",
            "comprehensiveIncomeNetOfTax": "118699000",
            "ebit": "142303000",
            "ebitda": "205029000",
            "netIncome": "118734000"
        },
        {
            "fiscalDateEnding": "2013-07-28",
            "reportedCurrency": "USD",
            "grossProfit": "545538000",
            "totalRevenue": "977238000",
            "costOfRevenue": "431700000",
            "costofGoodsAndServicesSold": "431700000",
            "operatingIncome": "105534000",
            "sellingGeneralAndAdministrative": "108266000",
            "researchAndDevelopment": "331738000",
            "operatingExpenses": "440004000",
            "investmentIncomeNet": "3865000",
            "netInterestIncome": "-836000",
            "interestIncome": "None",
            "interestExpense": "836000",
            "nonInterestIncome": "None",
            "otherNonOperatingIncome": "3257000",
            "depreciation": "None",
            "depreciationAndAmortization": "61840000",
            "incomeBeforeTax": "111820000",
            "incomeTaxExpense": "15372000",
            "interestAndDebtExpense": "836000",
            "netIncomeFromContinuingOperations": "96448000",
            "comprehensiveIncomeNetOfTax": "92052000",
            "ebit": "112656000",
            "ebitda": "174496000",
            "netIncome": "96448000"
        },
        {
            "fiscalDateEnding": "2013-04-28",
            "reportedCurrency": "USD",
            "grossProfit": "518568000",
            "totalRevenue": "954739000",
            "costOfRevenue": "436171000",
            "costofGoodsAndServicesSold": "436171000",
            "operatingIncome": "82781000",
            "sellingGeneralAndAdministrative": "108626000",
            "researchAndDevelopment": "327161000",
            "operatingExpenses": "435787000",
            "investmentIncomeNet": "5076000",
            "netInterestIncome": "-853000",
            "interestIncome": "None",
            "interestExpense": "853000",
            "nonInterestIncome": "None",
            "otherNonOperatingIncome": "1058000",
            "depreciation": "None",
            "depreciationAndAmortization": "59744000",
            "incomeBeforeTax": "88062000",
            "incomeTaxExpense": "10171000",
            "interestAndDebtExpense": "853000",
            "netIncomeFromContinuingOperations": "77891000",
            "comprehensiveIncomeNetOfTax": "78203000",
            "ebit": "88915000",
            "ebitda": "148659000",
            "netIncome": "77891000"
        },
        {
            "fiscalDateEnding": "2013-01-27",
            "reportedCurrency": "USD",
            "grossProfit": "585602000",
            "totalRevenue": "1106902000",
            "costOfRevenue": "521300000",
            "costofGoodsAndServicesSold": "521300000",
            "operatingIncome": "183573000",
            "sellingGeneralAndAdministrative": "104022000",
            "researchAndDevelopment": "298007000",
            "operatingExpenses": "402029000",
            "investmentIncomeNet": "4693000",
            "netInterestIncome": "None",
            "interestIncome": "None",
            "interestExpense": "1399000",
            "nonInterestIncome": "None",
            "otherNonOperatingIncome": "1136000",
            "depreciation": "None",
            "depreciationAndAmortization": "58401000",
            "incomeBeforeTax": "186108000",
            "incomeTaxExpense": "12135000",
            "interestAndDebtExpense": "None",
            "netIncomeFromContinuingOperations": "585602000",
            "comprehensiveIncomeNetOfTax": "173094000",
            "ebit": "183573000",
            "ebitda": "241974000",
            "netIncome": "173973000"
        },
        {
            "fiscalDateEnding": "2012-10-28",
            "reportedCurrency": "USD",
            "grossProfit": "636658000",
            "totalRevenue": "1204110000",
            "costOfRevenue": "567452000",
            "costofGoodsAndServicesSold": "567452000",
            "operatingIncome": "252217000",
            "sellingGeneralAndAdministrative": "100261000",
            "researchAndDevelopment": "284180000",
            "operatingExpenses": "384441000",
            "investmentIncomeNet": "4701000",
            "netInterestIncome": "None",
            "interestIncome": "None",
            "interestExpense": "4701000",
            "nonInterestIncome": "None",
            "otherNonOperatingIncome": "-3290000",
            "depreciation": "None",
            "depreciationAndAmortization": "57148000",
            "incomeBeforeTax": "253628000",
            "incomeTaxExpense": "44548000",
            "interestAndDebtExpense": "None",
            "netIncomeFromContinuingOperations": "209080000",
            "comprehensiveIncomeNetOfTax": "208780000",
            "ebit": "252217000",
            "ebitda": "309365000",
            "netIncome": "209080000"
        },
        {
            "fiscalDateEnding": "2012-07-29",
            "reportedCurrency": "USD",
            "grossProfit": "540719000",
            "totalRevenue": "1044270000",
            "costOfRevenue": "503551000",
            "costofGoodsAndServicesSold": "503551000",
            "operatingIncome": "139623000",
            "sellingGeneralAndAdministrative": "119903000",
            "researchAndDevelopment": "281193000",
            "operatingExpenses": "401096000",
            "investmentIncomeNet": "5316000",
            "netInterestIncome": "None",
            "interestIncome": "None",
            "interestExpense": "5316000",
            "nonInterestIncome": "None",
            "otherNonOperatingIncome": "269000",
            "depreciation": "None",
            "depreciationAndAmortization": "56195000",
            "incomeBeforeTax": "145208000",
            "incomeTaxExpense": "26162000",
            "interestAndDebtExpense": "None",
            "netIncomeFromContinuingOperations": "119046000",
            "comprehensiveIncomeNetOfTax": "119758000",
            "ebit": "139623000",
            "ebitda": "195818000",
            "netIncome": "119046000"
        },
        {
            "fiscalDateEnding": "2012-04-29",
            "reportedCurrency": "USD",
            "grossProfit": "463364000",
            "totalRevenue": "924877000",
            "costOfRevenue": "461513000",
            "costofGoodsAndServicesSold": "461513000",
            "operatingIncome": "72826000",
            "sellingGeneralAndAdministrative": "106636000",
            "researchAndDevelopment": "283902000",
            "operatingExpenses": "390538000",
            "investmentIncomeNet": "5198000",
            "netInterestIncome": "None",
            "interestIncome": "None",
            "interestExpense": "5198000",
            "nonInterestIncome": "None",
            "otherNonOperatingIncome": "-929000",
            "depreciation": "None",
            "depreciationAndAmortization": "54491000",
            "incomeBeforeTax": "77095000",
            "incomeTaxExpense": "16658000",
            "interestAndDebtExpense": "None",
            "netIncomeFromContinuingOperations": "60437000",
            "comprehensiveIncomeNetOfTax": "60270000",
            "ebit": "72826000",
            "ebitda": "127317000",
            "netIncome": "60437000"
        },
        {
            "fiscalDateEnding": "2012-01-29",
            "reportedCurrency": "USD",
            "grossProfit": "490013000",
            "totalRevenue": "953194000",
            "costOfRevenue": "463181000",
            "costofGoodsAndServicesSold": "463181000",
            "operatingIncome": "122317000",
            "sellingGeneralAndAdministrative": "100834000",
            "researchAndDevelopment": "266862000",
            "operatingExpenses": "367696000",
            "investmentIncomeNet": "4213000",
            "netInterestIncome": "None",
            "interestIncome": "None",
            "interestExpense": "1124000",
            "nonInterestIncome": "None",
            "otherNonOperatingIncome": "1136000",
            "depreciation": "None",
            "depreciationAndAmortization": "51895000",
            "incomeBeforeTax": "124577000",
            "incomeTaxExpense": "8552000",
            "interestAndDebtExpense": "None",
            "netIncomeFromContinuingOperations": "477613000",
            "comprehensiveIncomeNetOfTax": "117641000",
            "ebit": "122317000",
            "ebitda": "174212000",
            "netIncome": "116025000"
        },
        {
            "fiscalDateEnding": "2011-10-30",
            "reportedCurrency": "USD",
            "grossProfit": "556717000",
            "totalRevenue": "1066180000",
            "costOfRevenue": "509463000",
            "costofGoodsAndServicesSold": "509463000",
            "operatingIncome": "197090000",
            "sellingGeneralAndAdministrative": "103129000",
            "researchAndDevelopment": "256498000",
            "operatingExpenses": "359627000",
            "investmentIncomeNet": "4356000",
            "netInterestIncome": "None",
            "interestIncome": "None",
            "interestExpense": "4356000",
            "nonInterestIncome": "None",
            "otherNonOperatingIncome": "3341000",
            "depreciation": "None",
            "depreciationAndAmortization": "52387000",
            "incomeBeforeTax": "204787000",
            "incomeTaxExpense": "26514000",
            "interestAndDebtExpense": "None",
            "netIncomeFromContinuingOperations": "178273000",
            "comprehensiveIncomeNetOfTax": "172836000",
            "ebit": "197090000",
            "ebitda": "249477000",
            "netIncome": "178273000"
        },
        {
            "fiscalDateEnding": "2011-07-31",
            "reportedCurrency": "USD",
            "grossProfit": "525284000",
            "totalRevenue": "1016517000",
            "costOfRevenue": "491233000",
            "costofGoodsAndServicesSold": "5000000",
            "operatingIncome": "174030000",
            "sellingGeneralAndAdministrative": "103533000",
            "researchAndDevelopment": "247721000",
            "operatingExpenses": "351254000",
            "investmentIncomeNet": "5266000",
            "netInterestIncome": "None",
            "interestIncome": "None",
            "interestExpense": "5266000",
            "nonInterestIncome": "None",
            "otherNonOperatingIncome": "-1749000",
            "depreciation": "None",
            "depreciationAndAmortization": "52160000",
            "incomeBeforeTax": "177547000",
            "incomeTaxExpense": "25974000",
            "interestAndDebtExpense": "None",
            "netIncomeFromContinuingOperations": "151573000",
            "comprehensiveIncomeNetOfTax": "154886000",
            "ebit": "174030000",
            "ebitda": "226190000",
            "netIncome": "151573000"
        },
        {
            "fiscalDateEnding": "2011-05-01",
            "reportedCurrency": "USD",
            "grossProfit": "484503000",
            "totalRevenue": "962039000",
            "costOfRevenue": "477536000",
            "costofGoodsAndServicesSold": "477536000",
            "operatingIncome": "154862000",
            "sellingGeneralAndAdministrative": "98117000",
            "researchAndDevelopment": "231524000",
            "operatingExpenses": "329641000",
            "investmentIncomeNet": "5313000",
            "netInterestIncome": "None",
            "interestIncome": "None",
            "interestExpense": "5313000",
            "nonInterestIncome": "None",
            "otherNonOperatingIncome": "-3690000",
            "depreciation": "None",
            "depreciationAndAmortization": "47764000",
            "incomeBeforeTax": "156485000",
            "incomeTaxExpense": "21266000",
            "interestAndDebtExpense": "None",
            "netIncomeFromContinuingOperations": "483203000",
            "comprehensiveIncomeNetOfTax": "136068000",
            "ebit": "154862000",
            "ebitda": "202626000",
            "netIncome": "135219000"
        },
        {
            "fiscalDateEnding": "2011-01-30",
            "reportedCurrency": "USD",
            "grossProfit": "426359000",
            "totalRevenue": "886376000",
            "costOfRevenue": "460017000",
            "costofGoodsAndServicesSold": "460017000",
            "operatingIncome": "179778000",
            "sellingGeneralAndAdministrative": "88018000",
            "researchAndDevelopment": "215563000",
            "operatingExpenses": "246581000",
            "investmentIncomeNet": "4461000",
            "netInterestIncome": "None",
            "interestIncome": "None",
            "interestExpense": "3127000",
            "nonInterestIncome": "None",
            "otherNonOperatingIncome": "4794000",
            "depreciation": "None",
            "depreciationAndAmortization": "46393000",
            "incomeBeforeTax": "185906000",
            "incomeTaxExpense": "14255000",
            "interestAndDebtExpense": "None",
            "netIncomeFromContinuingOperations": "426359000",
            "comprehensiveIncomeNetOfTax": "169254000",
            "ebit": "179778000",
            "ebitda": "226171000",
            "netIncome": "171651000"
        },
        {
            "fiscalDateEnding": "2010-10-31",
            "reportedCurrency": "USD",
            "grossProfit": "392062000",
            "totalRevenue": "843912000",
            "costOfRevenue": "451850000",
            "costofGoodsAndServicesSold": "451850000",
            "operatingIncome": "103783000",
            "sellingGeneralAndAdministrative": "83752000",
            "researchAndDevelopment": "204527000",
            "operatingExpenses": "288279000",
            "investmentIncomeNet": "4220000",
            "netInterestIncome": "None",
            "interestIncome": "None",
            "interestExpense": "4220000",
            "nonInterestIncome": "None",
            "otherNonOperatingIncome": "-4418000",
            "depreciation": "None",
            "depreciationAndAmortization": "46786000",
            "incomeBeforeTax": "103585000",
            "incomeTaxExpense": "18723000",
            "interestAndDebtExpense": "None",
            "netIncomeFromContinuingOperations": "84862000",
            "comprehensiveIncomeNetOfTax": "86295000",
            "ebit": "103783000",
            "ebitda": "150569000",
            "netIncome": "84862000"
        },
        {
            "fiscalDateEnding": "2010-08-01",
            "reportedCurrency": "USD",
            "grossProfit": "134292000",
            "totalRevenue": "811208000",
            "costOfRevenue": "676916000",
            "costofGoodsAndServicesSold": "676916000",
            "operatingIncome": "-175207000",
            "sellingGeneralAndAdministrative": "98864000",
            "researchAndDevelopment": "210635000",
            "operatingExpenses": "309499000",
            "investmentIncomeNet": "4805000",
            "netInterestIncome": "None",
            "interestIncome": "None",
            "interestExpense": "4805000",
            "nonInterestIncome": "None",
            "otherNonOperatingIncome": "1355000",
            "depreciation": "None",
            "depreciationAndAmortization": "46573000",
            "incomeBeforeTax": "-169047000",
            "incomeTaxExpense": "-28086000",
            "interestAndDebtExpense": "None",
            "netIncomeFromContinuingOperations": "-387800000",
            "comprehensiveIncomeNetOfTax": "-140599000",
            "ebit": "-175207000",
            "ebitda": "-128634000",
            "netIncome": "-140961000"
        },
        {
            "fiscalDateEnding": "2010-05-02",
            "reportedCurrency": "USD",
            "grossProfit": "456377000",
            "totalRevenue": "1001813000",
            "costOfRevenue": "545436000",
            "costofGoodsAndServicesSold": "545436000",
            "operatingIncome": "147393000",
            "sellingGeneralAndAdministrative": "90879000",
            "researchAndDevelopment": "218105000",
            "operatingExpenses": "308984000",
            "investmentIncomeNet": "5571000",
            "netInterestIncome": "None",
            "interestIncome": "None",
            "interestExpense": "5571000",
            "nonInterestIncome": "None",
            "otherNonOperatingIncome": "-2239000",
            "depreciation": "None",
            "depreciationAndAmortization": "47147000",
            "incomeBeforeTax": "150725000",
            "incomeTaxExpense": "13131000",
            "interestAndDebtExpense": "None",
            "netIncomeFromContinuingOperations": "456377000",
            "comprehensiveIncomeNetOfTax": "136296000",
            "ebit": "147393000",
            "ebitda": "194540000",
            "netIncome": "137594000"
        },
        {
            "fiscalDateEnding": "2010-01-31",
            "reportedCurrency": "USD",
            "grossProfit": "438721000",
            "totalRevenue": "982488000",
            "costOfRevenue": "543767000",
            "costofGoodsAndServicesSold": "543767000",
            "operatingIncome": "134282000",
            "sellingGeneralAndAdministrative": "88188000",
            "researchAndDevelopment": "216251000",
            "operatingExpenses": "304439000",
            "investmentIncomeNet": "5768000",
            "netInterestIncome": "None",
            "interestIncome": "None",
            "interestExpense": "3320000",
            "nonInterestIncome": "None",
            "otherNonOperatingIncome": "2691000",
            "depreciation": "None",
            "depreciationAndAmortization": "47914000",
            "incomeBeforeTax": "139421000",
            "incomeTaxExpense": "8345000",
            "interestAndDebtExpense": "None",
            "netIncomeFromContinuingOperations": "438721000",
            "comprehensiveIncomeNetOfTax": "131076000",
            "ebit": "134282000",
            "ebitda": "182196000",
            "netIncome": "131076000"
        },
        {
            "fiscalDateEnding": "2009-10-25",
            "reportedCurrency": "USD",
            "grossProfit": "391783000",
            "totalRevenue": "903206000",
            "costOfRevenue": "511423000",
            "costofGoodsAndServicesSold": "511423000",
            "operatingIncome": "107845000",
            "sellingGeneralAndAdministrative": "85990000",
            "researchAndDevelopment": "197948000",
            "operatingExpenses": "283938000",
            "investmentIncomeNet": "5444000",
            "netInterestIncome": "None",
            "interestIncome": "None",
            "interestExpense": "5444000",
            "nonInterestIncome": "None",
            "otherNonOperatingIncome": "-3082000",
            "depreciation": "None",
            "depreciationAndAmortization": "48770000",
            "incomeBeforeTax": "110207000",
            "incomeTaxExpense": "2630000",
            "interestAndDebtExpense": "None",
            "netIncomeFromContinuingOperations": "107577000",
            "comprehensiveIncomeNetOfTax": "108552000",
            "ebit": "107845000",
            "ebitda": "156615000",
            "netIncome": "107577000"
        },
        {
            "fiscalDateEnding": "2009-07-26",
            "reportedCurrency": "USD",
            "grossProfit": "156723000",
            "totalRevenue": "776520000",
            "costOfRevenue": "619797000",
            "costofGoodsAndServicesSold": "619797000",
            "operatingIncome": "-110107000",
            "sellingGeneralAndAdministrative": "73975000",
            "researchAndDevelopment": "192855000",
            "operatingExpenses": "266830000",
            "investmentIncomeNet": "None",
            "netInterestIncome": "None",
            "interestIncome": "None",
            "interestExpense": "5779000",
            "nonInterestIncome": "None",
            "otherNonOperatingIncome": "-2773000",
            "depreciation": "None",
            "depreciationAndAmortization": "49322000",
            "incomeBeforeTax": "-107101000",
            "incomeTaxExpense": "-1799000",
            "interestAndDebtExpense": "None",
            "netIncomeFromContinuingOperations": "None",
            "comprehensiveIncomeNetOfTax": "-101563000",
            "ebit": "-110107000",
            "ebitda": "-60785000",
            "netIncome": "-105302000"
        },
        {
            "fiscalDateEnding": "2009-04-26",
            "reportedCurrency": "USD",
            "grossProfit": "189696000",
            "totalRevenue": "664231000",
            "costOfRevenue": "474535000",
            "costofGoodsAndServicesSold": "474535000",
            "operatingIncome": "-230965000",
            "sellingGeneralAndAdministrative": "118864000",
            "researchAndDevelopment": "301797000",
            "operatingExpenses": "420661000",
            "investmentIncomeNet": "None",
            "netInterestIncome": "None",
            "interestIncome": "None",
            "interestExpense": "6124000",
            "nonInterestIncome": "None",
            "otherNonOperatingIncome": "20000",
            "depreciation": "None",
            "depreciationAndAmortization": "50658000",
            "incomeBeforeTax": "-224821000",
            "incomeTaxExpense": "-23483000",
            "interestAndDebtExpense": "None",
            "netIncomeFromContinuingOperations": "None",
            "comprehensiveIncomeNetOfTax": "None",
            "ebit": "-230965000",
            "ebitda": "-180307000",
            "netIncome": "-201338000"
        },
        {
            "fiscalDateEnding": "2009-01-25",
            "reportedCurrency": "USD",
            "grossProfit": "141666000",
            "totalRevenue": "481140000",
            "costOfRevenue": "339474000",
            "costofGoodsAndServicesSold": "339474000",
            "operatingIncome": "-175083000",
            "sellingGeneralAndAdministrative": "86440000",
            "researchAndDevelopment": "211779000",
            "operatingExpenses": "316749000",
            "investmentIncomeNet": "None",
            "netInterestIncome": "None",
            "interestIncome": "None",
            "interestExpense": "406000",
            "nonInterestIncome": "None",
            "otherNonOperatingIncome": "-1894000",
            "depreciation": "None",
            "depreciationAndAmortization": "48055000",
            "incomeBeforeTax": "-170375000",
            "incomeTaxExpense": "-22710000",
            "interestAndDebtExpense": "None",
            "netIncomeFromContinuingOperations": "None",
            "comprehensiveIncomeNetOfTax": "None",
            "ebit": "-175083000",
            "ebitda": "-127028000",
            "netIncome": "-147665000"
        },
        {
            "fiscalDateEnding": "2008-10-26",
            "reportedCurrency": "USD",
            "grossProfit": "367843000",
            "totalRevenue": "897655000",
            "costOfRevenue": "529812000",
            "costofGoodsAndServicesSold": "529812000",
            "operatingIncome": "56796000",
            "sellingGeneralAndAdministrative": "90349000",
            "researchAndDevelopment": "212360000",
            "operatingExpenses": "311047000",
            "investmentIncomeNet": "None",
            "netInterestIncome": "None",
            "interestIncome": "None",
            "interestExpense": "4200000",
            "nonInterestIncome": "None",
            "otherNonOperatingIncome": "-5240000",
            "depreciation": "None",
            "depreciationAndAmortization": "49304000",
            "incomeBeforeTax": "61003000",
            "incomeTaxExpense": "-745000",
            "interestAndDebtExpense": "None",
            "netIncomeFromContinuingOperations": "None",
            "comprehensiveIncomeNetOfTax": "None",
            "ebit": "56796000",
            "ebitda": "106100000",
            "netIncome": "61748000"
        },
        {
            "fiscalDateEnding": "2008-07-27",
            "reportedCurrency": "USD",
            "grossProfit": "149917000",
            "totalRevenue": "892676000",
            "costOfRevenue": "742759000",
            "costofGoodsAndServicesSold": "742759000",
            "operatingIncome": "-155392000",
            "sellingGeneralAndAdministrative": "92399000",
            "researchAndDevelopment": "212910000",
            "operatingExpenses": "305309000",
            "investmentIncomeNet": "None",
            "netInterestIncome": "None",
            "interestIncome": "None",
            "interestExpense": "8800000",
            "nonInterestIncome": "None",
            "otherNonOperatingIncome": "-3289000",
            "depreciation": "None",
            "depreciationAndAmortization": "46306000",
            "incomeBeforeTax": "-146600000",
            "incomeTaxExpense": "-25671000",
            "interestAndDebtExpense": "None",
            "netIncomeFromContinuingOperations": "None",
            "comprehensiveIncomeNetOfTax": "None",
            "ebit": "-155392000",
            "ebitda": "-109086000",
            "netIncome": "-120929000"
        }
    ]
}